2610 4628
164 228 213 302 ro
569 272 770 314 -.---

74 470 89 494 .
160 433 197 492 et
223 415 415 513 Thucydide
442 443 544 514 puero
575 420 728 489 audiente
756 421 826 489 ubi·
840 391 936 492 inter
952 446 990 494 se
1020 420 1170 512 edneiliai-

91 560 96 569 '
161 548 265 633 veris,
286 519 488 640 probabilem
509 545 585 632 idde
608 545 829 616 coniecturam
850 547 956 620 faeere
974 544 1104 631 licebit,
1128 549 1169 627 in

162 696 263 765 quem
278 695 400 741 annum
412 669 563 739 inciderit
577 667 751 774 Olympios
770 648 828 741 illa
849 675 1039 775 praelectio,
1081 674 1168 743 Thu·
1251 718 1253 722 -

70 808 72 810 ’
163 797 296 890 cydides
325 782 599 864 entm'tredecim
630 797 724 866 anuis
750 804 830 866 notu
850 798 967 885 minor
980 811 1050 871 eret
1069 798 1170 869 Hero-

157 924 241 991 doto
269 922 319 1006 (v.
348 919 458 988 locum
480 920 580 989 Gellii
608 944 707 1013 supra
728 933 897 991 enotatum
919 946 956 1014 p.
981 925 1029 1008 1.)
1035 949 1047 1008 ;
1073 934 1171 992 natus
1285 970 1288 977 ·

63 1113 68 1129 ,
162 1048 261 1138 igitur
288 1056 357 1114 erat
386 1045 518 1136 Olymp.
548 1047 600 1113 77.
629 1047 714 1139 ab,
744 1044 1021 1134 a.chr.471.²⁵)
1073 1044 1169 1116 Unde
1221 1113 1226 1122 ,

125 1195 127 1199 ’
159 1173 200 1243 srt
216 1170 414 1252 uerisimile,
446 1168 655 1260 Olympicum
675 1166 835 1239 Herodoti
863 1170 1089 1276 recitationem
1115 1169 1170 1238 ha-

46 1325 48 1329 ·
129 1369 131 1373 ,
159 1299 263 1367 bitum
285 1320 359 1364 esse
381 1293 512 1385 Olymp.
530 1294 584 1361 81.
602 1292 725 1362 a.-Clrr.
740 1295 817 1378 456,
839 1294 1031 1387 'lbueydide
1054 1270 1187 1402 egerite.
1210 1339 1212 1346 ·

19 1456 21 1463 ·
112 1470 114 1475 .
161 1422 278 1491 aetatis
305 1443 427 1489 annum
453 1416 607 1511 quintum
635 1417 834 1501 decimum,⁴
854 1418 1023 1490 Herodoto
1051 1419 1175 1496 duode-¹

160 1547 372 1618 tricesimum.
417 1540 526 1634 Atque
547 1541 603 1610 hie
624 1566 728 1610 annus
751 1541 837 1610 inter
856 1542 1082 1616 viros'doetos
1102 1532 1171 1634 ple'.

160 1659 280 1764 rosipue
301 1666 494 1736 iamdudum¹
512 1665 666 1737 convenit
675 1667 725 1751 ²⁶).
781 1663 867 1732 Nam
888 1666 918 1734 si
940 1666 1171 1758 Olympiadem
1250 1669 1256 1679 “

161 1799 215 1868 80.
236 1776 380 1874 statuas,
407 1815 475 1858 non
496 1789 612 1871 modo,
642 1800 680 1856 ut
701 1788 884 1856 observavit
904 1788 1101 1872 Lareherus‚
1124 1789 1170 1856 ni·
1241 1810 1246 1826 ·

100 1892 102 1899 ¹
160 1922 225 1991 mis
251 1930 385 1988 tenerae
412 1914 547 1995 aetatiS,
581 1912 703 2004 quippe
730 1912 941 1985 undecimum
962 1914 1094 1982 demum
1117 1936 1171 1980 an.
1242 1932 1249 1938 ·
1288 1894 1290 1898 ’

47 2102 50 2107 ,
155 2069 243 2115 ιπιιιῐιι
264 2065 374 2134 agenor
395 2039 558 2108 videbitur
578 2034 800 2127 Thucydides,
822 2037 882 2103 sed
904 2037 1004 2105 etiam
1024 2035 1169 2103 Herodo-
1210 2078 1216 2084 ·

64 2197 66 2201 ¹
162 2182 228 2253 tus,
250 2163 366 2257 viginti
388 2168 527 2254 qrrnluor
548 2170 620 2227 tum
641 2182 744 2226 annos
767 2170 874 2240 natus,
896 2160 953 2227 vix
968 2159 1178 2249 satistaetate¹

162 2286 436 2388 proveetus'fuit,
469 2294 508 2350 ut
533 2283 600 2350 iam
621 2281 793 2371 itineribus
814 2293 849 2351 et
871 2282 1001 2372 seriptis
1023 2282 1092 2353 suis
1114 2283 1170 2351 eli-
1233 2313 1239 2326 ¹

154 2441 227 2511 quo
256 2423 345 2483 certe
372 2433 415 2478 ex
430 2416 535 2516 ¹porte
563 2404 721 2475 absolutis
749 2405 785 2473 in
813 2406 981 2496 publicum
1002 2402 1169 2497 prodierit.

162 2541 223 2610 Sin
252 2547 366 2606 eontra
387 2528 575 2623 Olympiadi
604 2530 737 2595 demum
759 2530 813 2597 82.
836 2530 958 2603 lactum
979 2529 1062 2596 illud
1084 2553 1169 2598 asse.
1282 2588 1289 2603 ι

162 2665 233 2734 rere
255 2660 367 2738 malis,
394 2652 597 2749 undeviginti
625 2675 730 2720 annos
751 2663 865 2723 nalum
885 2651 1020 2720 habebis
1036 2651 1171 2744 Thucy-

159 2788 282 2866 didem,
306 2804 406 2875 quern
426 2802 534 2868 neque
555 2762 656 2841 umba
678 2764 721 2838 ’ἔτι
739 2770 945 2863 τυγχάνοντα
959 2775 1091 2876 Suidas,
1114 2789 1170 2845 aut

160 2909 275 2997 κομιδῆ
295 2905 369 2972 νέου
388 2893 466 2970 tora
487 2899 624 2969 Photius
643 2899 760 2968 dicere
775 2900 949 2991 potuerit,
978 2924 1041 2981 nee
1067 2901 1170 2967 omni-
1265 2968 1270 2995 -.

151 2997 206 3105 ⁸no
234 3034 354 3103 mirum
382 3038 487 3112 esset,
526 3023 685 3094 Herodoti
718 3023 940 3115 praelectione
967 3035 1170 3092 commotum
1265 3065 1273 3080 .

152 3161 272 3231 luisse.

22 3317 26 3328 ·
67 3319 69 3324 ·
99 3355 102 3372 ,
152 3276 175 3300 “’
229 3282 364 3372 'ltaque
391 3277 449 3344 illo
478 3271 708 3366 praelectionis
739 3292 844 3355 anno,
881 3295 981 3363 quem
1015 3270 1168 3354 diximus,
1198 3296 1200 3303 ·

162 3408 318 3488 stabilito,
340 3414 444 3491 totam
464 3400 550 3475 hane
565 3397 791 3493 quaestionem
807 3396 849 3464 ad
864 3397 965 3466 finem
979 3397 1170 3489 perductam
1189 3380 1193 3395 ’

35 3704 39 3715 “
109 3748 115 3769 .
234 3709 280 3773 25)
298 3710 340 3766 cf.
357 3712 454 3788 Poppo
472 3707 492 3764 l.
510 3705 535 3777 L⁴
547 3727 577 3786 p.
594 3701 639 3760 2⁸2.

100 3858 103 3867 ·
200 3835 214 3937 J
235 3853 281 3915 ro)
299 3857 333 3910 v.
351 3851 486 3906 Dodwell.
504 3814 636 3926 Apparet.
655 3845 691 3902 au
707 3843 808 3901 Amal.
819 3841 974 3919 Thueyuu
992 3855 1055 3925 oct.
1066 3845 1169 3903 xvm.

171 3953 334 4022 W'eorling.
352 3947 439 4003 Praei.
456 3947 492 4002 nd
509 3944 640 4000 Ilerodot.
658 3960 719 4018 pag.
736 3942 825 3999 XXII·
842 3940 885 3997 ed.
901 3937 1055 4012 Schweiglr.
1072 3958 1102 4014 p.
1120 3940 1169 3994 Vl.

164 4048 206 4104 ed.
224 4043 360 4102 Geislord.
397 4043 530 4135 Larpber.
551 4039 570 4095 l.
587 4038 608 4094 l.
625 4057 655 4115 p.
672 4037 787 4093 LXXIX
802 4055 846 4127 rq.
931 4054 937 4064 ·
